<?xml version="1.0" encoding="UTF-8"?><collection xmlns="http://www.loc.gov/MARC21/slim"><record><leader>00393nam--2200169-i-4500</leader><controlfield tag="001">000003704</controlfield><controlfield tag="002">20161230</controlfield><controlfield tag="005">20161230201025</controlfield><controlfield tag="008">060222s1000------------r-----000-0-rus-d</controlfield><datafield ind1=" " ind2=" " tag="040"><subfield code="a">IFIN-HH</subfield></datafield><datafield ind1=" " ind2=" " tag="041"><subfield code="a">rus</subfield></datafield><datafield ind1=" " ind2=" " tag="080"><subfield code="a">534.1+538.56</subfield></datafield><datafield ind1="1" ind2=" " tag="100"><subfield code="a">Grekov, I</subfield></datafield><datafield ind1="1" ind2="0" tag="245"><subfield code="a">Rezonans</subfield><subfield code="c">I. Grekov</subfield></datafield><datafield ind1=" " ind2=" " tag="260"><subfield code="a">Moskva</subfield><subfield code="b">Gosenergoizdat</subfield><subfield code="c">1952</subfield></datafield><datafield ind1=" " ind2=" " tag="852"><subfield code="a">2630</subfield><subfield code="c">534</subfield></datafield><datafield ind1=" " ind2=" " tag="CAT"><subfield code="a">Sys</subfield><subfield code="c">20101005</subfield><subfield code="h">114941</subfield></datafield></record></collection>